
@inproceedings{khanEtAl13,
  title={Fast dual variational inference for non-conjugate latent gaussian models},
  author={Khan, Mohammad Emtiyaz and Aravkin, Aleksandr and Friedlander, Michael and Seeger, Matthias},
  booktitle={International Conference on Machine Learning},
  pages={951--959},
  year={2013},
  organization={PMLR}
}

@inproceedings{titsias09,
  title={Variational learning of inducing variables in sparse Gaussian processes},
  author={Titsias, Michalis},
  booktitle={Artificial intelligence and statistics},
  pages={567--574},
  year={2009},
  organization={PMLR}
}

@inproceedings{titsiasAndLawrence10,
  title={Bayesian {G}aussian process latent variable model},
  author={Titsias, Michalis and Lawrence, Neil D},
  booktitle={Proceedings of the Thirteenth International Conference on Artificial Intelligence and Statistics},
  pages={844--851},
  year={2010},
  organization={JMLR Workshop and Conference Proceedings}
}

@book{williamsAndRasmussen06,
  title={Gaussian processes for machine learning},
  author={Williams, Christopher KI and Rasmussen, Carl Edward},
  volume={2},
  number={3},
  year={2006},
  publisher={MIT press Cambridge, MA}
}
