@article{peiEtaAl21,
      title={Neural Latents Benchmark'21: Evaluating latent variable models of
          neural population activity},
      author={Pei, Felix and Ye, Joel and Zoltowski, David and Wu, Anqi and
            Chowdhury, Raeed H and Sohn, Hansem and O'Doherty, Joseph E and
                Shenoy, Krishna V and Kaufman, Matthew T and Churchland, Mark
                and others},
      journal={arXiv preprint arXiv:2109.04463},
      year={2021}
}

@article{yuEtAl09,
  title={Gaussian-process factor analysis for low-dimensional single-trial analysis of neural population activity},
  author={Yu, Byron M and Cunningham, John P and Santhanam, Gopal and Ryu, Stephen I and Shenoy, Krishna V and Sahani, Maneesh},
  journal={Journal of neurophysiology},
  volume={102},
  number={1},
  pages={614--635},
  year={2009},
  publisher={American Physiological Society}
}

@article{zhaoAndPark17,
  title={Variational latent gaussian process for recovering single-trial dynamics from population spike trains},
  author={Zhao, Yuan and Park, Il Memming},
  journal={Neural computation},
  volume={29},
  number={5},
  pages={1293--1316},
  year={2017},
  publisher={MIT Press}
}

@inproceedings{dunckerAndSahani18,
  title={Temporal alignment and latent Gaussian process factor inference in population spike trains},
  author={Duncker, Lea and Sahani, Maneesh},
  booktitle={Advances in Neural Information Processing Systems},
  pages={10445--10455},
  year={2018}
}

@misc{dunckerAndSahani18supplementary,
  title={Supplementary material: Temporal alignment and latent Gaussian process factor inference in population spike trains},
  author={Duncker, Lea and Sahani, Maneesh},
  booktitle={Advances in Neural Information Processing Systems},
  pages={1--4},
  year={2018},
}

@article{nadewEtAl24,
  title={Conditionally-Conjugate Gaussian Process Factor Analysis for Spike Count Data via Data Augmentation},
  author={Nadew, Yididiya Y and Fan, Xuhui and Quinn, Christopher J},
  journal={arXiv preprint arXiv:2405.11683},
  year={2024}
}

@article{jensenEtAl21,
  title={Scalable Bayesian GPFA with automatic relevance determination and discrete noise models},
  author={Jensen, Kristopher and Kao, Ta-Chu and Stone, Jasmine and Hennequin, Guillaume},
  journal={Advances in Neural Information Processing Systems},
  volume={34},
  pages={10613--10626},
  year={2021}
}

@inproceedings{keeleyEtAl20a,
 author = {Keeley, Stephen and Aoi, Mikio and Yu, Yiyi and Smith, Spencer and Pillow, Jonathan W},
 booktitle = {Advances in Neural Information Processing Systems},
 editor = {H. Larochelle and M. Ranzato and R. Hadsell and M.F. Balcan and H. Lin},
 pages = {13795--13805},
 publisher = {Curran Associates, Inc.},
 title = {Identifying signal and noise structure in neural population activity with Gaussian process factor models},
 url = {https://proceedings.neurips.cc/paper_files/paper/2020/file/9eed867b73ab1eab60583c9d4a789b1b-Paper.pdf},
 volume = {33},
 year = {2020}
}

@inproceedings{keeleyEtAl20b,
  title={Efficient non-conjugate Gaussian process factor models for spike count data using polynomial approximations},
  author={Keeley, Stephen and Zoltowski, David and Yu, Yiyi and Smith, Spencer and Pillow, Jonathan},
  booktitle={International conference on machine learning},
  pages={5177--5186},
  year={2020},
  organization={PMLR}
}

@article{ruttenEtAl20,
  title={Non-reversible Gaussian processes for identifying latent dynamical structure in neural data},
  author={Rutten, Virginia and Bernacchia, Alberto and Sahani, Maneesh and Hennequin, Guillaume},
  journal={Advances in neural information processing systems},
  volume={33},
  pages={9622--9632},
  year={2020}
}

@article{mackeEtAl11,
  title={Empirical models of spiking in neural populations},
  author={Macke, Jakob H and Buesing, Lars and Cunningham, John P and Yu, Byron M and Shenoy, Krishna V and Sahani, Maneesh},
  journal={Advances in neural information processing systems},
  volume={24},
  year={2011}
}

@article{pandarinathEtAl18,
  title={Inferring single-trial neural population dynamics using sequential auto-encoders},
  author={Pandarinath, Chethan and Oâ€™Shea, Daniel J and Collins, Jasmine and Jozefowicz, Rafal and Stavisky, Sergey D and Kao, Jonathan C and Trautmann, Eric M and Kaufman, Matthew T and Ryu, Stephen I and Hochberg, Leigh R and others},
  journal={Nature methods},
  volume={15},
  number={10},
  pages={805--815},
  year={2018},
  publisher={Nature Publishing Group US New York}
}

@article{leeEtAl24,
  title={Identifying distinct neural features between the initial and corrective phases of precise reaching using AutoLFADS},
  author={Lee, Wei-Hsien and Karpowicz, Brianna M and Pandarinath, Chethan and Rouse, Adam G},
  journal={Journal of Neuroscience},
  volume={44},
  number={20},
  year={2024},
  publisher={Soc Neuroscience}
}

@article{dunckerAndSahani21,
  title={Dynamics on the manifold: Identifying computational dynamical activity from neural population recordings},
  author={Duncker, Lea and Sahani, Maneesh},
  journal={Current opinion in neurobiology},
  volume={70},
  pages={163--170},
  year={2021},
  publisher={Elsevier}
}

@article{sheAndWu19,
title={Neural Dynamics Discovery via Gaussian Process Recurrent Neural Networks},
author={She, Qi and Wu, Anqi},
Conference={The Conference on Uncertainty in Artificial Intelligence (UAI), 2019},
year={2019}
}

@inproceedings{gaoEtAl16,
 author = {Gao, Yuanjun and Archer, Evan W and Paninski, Liam and Cunningham, John P},
 booktitle = {Advances in Neural Information Processing Systems},
 editor = {D. Lee and M. Sugiyama and U. Luxburg and I. Guyon and R. Garnett},
 pages = {},
 publisher = {Curran Associates, Inc.},
 title = {Linear dynamical neural population models through nonlinear embeddings},
 url = {https://proceedings.neurips.cc/paper_files/paper/2016/file/76dc611d6ebaafc66cc0879c71b5db5c-Paper.pdf},
 volume = {29},
 year = {2016}
}
