
@inproceedings{qureshiEtAl22,
    author = {Aishah Qureshi and Dario Campagner and Mitra Javadzadeh and Joaqu\'{i}n Rapela},
    title  = {Tracking Freely Moving Mice Using Computer Vision, Statistical Inference and Statistical Learning Techniques},
    booktitle = {44th Annual International Conference of the IEEE Engineering in Medicine \& Biology Society (EMBC)},
    address = {Glagow, Scotland, UK},
    year   = {2022},
    url    = {http://www.gatsby.ucl.ac.uk/~rapela/posters/EMBC22_1882_MS.pdf}
}

@article{lindermanEtAl16,
    title={Recurrent switching linear dynamical systems},
    author={Linderman, Scott W and Miller, Andrew C and Adams, Ryan P and Blei, David M and Paninski, Liam and Johnson, Matthew J},
    journal={arXiv:1610.08466},
    year={2016}
}

@incollection{schmidtEtAl70,
    title={Application of Kalman filtering to the C-5 guidance and control system},
    author={Schmidt, Stanley F and Weinberg, JD and Lukesh, JS},
    booktitle={Theory and Applications of Kalman Filtering},
    volume={139},
    pages={312--313},
    year={1970},
    publisher={AGARD}
}

@misc{hofmannAndLichtenegger97,
       title={J. Collins GPS Theory and Practice},
       author={Hofmann-Wellenhof, B and Lichtenegger, H},
       year={1997},
       publisher={SpringerWienNewYork}
}

@article{buehnerEtAl17,
          title={An ensemble Kalman filter for numerical weather prediction based on variational data assimilation: VarEnKF},
          author={Buehner, Mark and McTaggart-Cowan, Ron and Heilliette, Sylvain},
          journal={Monthly Weather Review},
          volume={145},
          number={2},
          pages={617--635},
          year={2017}
}

@techreport{mcgeeAndSchmidt85,
       title={Discovery of the Kalman filter as a practical tool for aerospace and industry},
       author={McGee, Leonard A and Schmidt, Stanley F.},
       institution={NASA Technical Memorandum 86847},
       year={1985},
       url={https://books.google.co.uk/books?id=PXVGAQAAIAAJ},
}

@article{wuEtAl06,
    title={Bayesian population decoding of motor cortical activity using a Kalman filter},
    author={Wu, Wei and Gao, Yun and Bienenstock, Elie and Donoghue, John P and Black, Michael J},
    journal={Neural computation},
    volume={18},
    number={1},
    pages={80--118},
    year={2006},
    publisher={MIT Press One Rogers Street, Cambridge, MA 02142-1209, USA journals-info~â€¦}
}

@book{durbinAndKoopman12,
    title={Time series analysis by state space methods},
    author={Durbin, James and Koopman, Siem Jan},
    volume={38},
    year={2012},
    publisher={OUP Oxford}
}
