@article{rabiner89,
  title={A tutorial on hidden Markov models and selected applications in speech recognition},
  author={Rabiner, Lawrence R},
  journal={Proceedings of the IEEE},
  volume={77},
  number={2},
  pages={257--286},
  year={1989},
  publisher={Ieee}
}

@MISC(rapela17-vblr,
    AUTHOR = {Joaqu\'{i}n Rapela},
    TITLE = {Derivation of Variational Bayes Linear Regression},
    YEAR = {2017},
    URL = {http://sccn.ucsd.edu/~rapela/docs/vblr.pdf}
    )

@PHDTHESIS(beal03,
    AUTHOR = {M. Beal},
    TITLE = {Variational algorithms for approximate Bayesian inference},
    SCHOOL = {Gatsby Computational Unit, University College London, UK},
    YEAR = {2003}
    )

@book{bishop06,
  title={Pattern recognition and machine learning},
  author={Christopher M Bishop},
  year={2016},
  publisher={Springer-Verlag New York}
}

@ARTICLE(drugowitsch14,
    AUTHOR      = {J. Drugowitsch},
    TITLE       = {Variational Bayesian inference for linear and logistic regression},
    YEAR        = {2014},
    NOTE        = {\url{http://arxiv.org/abs/1310.5438}}
    )

@article{rodriguezAndLaio14,
  title={Clustering by fast search and find of density peaks},
  author={Rodriguez, Alex and Laio, Alessandro},
  journal={Science},
  volume={344},
  number={6191},
  pages={1492--1496},
  year={2014},
  publisher={American Association for the Advancement of Science}
}

@article{escolaEtAl11,
  title={Hidden Markov models for the stimulus-response relationships of
multistate neural systems},
  author={Escola, Sean and Fontanini, Alfredo and Katz, Don and Paninski,
Liam},
  journal={Neural computation},
  volume={23},
  number={5},
  pages={1071--1132},
  year={2011},
  publisher={MIT Press}
}

@article{bengioEtAl13,
  title={Representation learning: A review and new perspectives},
  author={Bengio, Yoshua and Courville, Aaron and Vincent, Pascal},
  journal={IEEE transactions on pattern analysis and machine intelligence},
  volume={35},
  number={8},
  pages={1798--1828},
  year={2013},
  publisher={IEEE}
}

@article{vanDerMaatenAndHinton2008,
  title={Visualizing data using t-SNE},
  author={van der Maaten, Laurens and Hinton, Geoffrey},
  journal={Journal of machine learning research},
  volume={9},
  number={Nov},
  pages={2579--2605},
  year={2008}
}

@incollection{fraserAndDimitriadis93,
  author      = {Fraser, Andrew M and Dimitriadis, Alexis},
  title       = {Forecasting probability densities by using hidden Markov models with mixed states},
  editor      = {Andreas S. Weigend and Neil A. Gershenfeld},
  booktitle   = {Time series prediction: forecasting the future and understanding the past},
  publisher   = {Addison-Wesley},
  address     = {Reading, MA},
  year        = {1993},
  pages       = {265-282}
}

@book{murphyIntro22,
    title={Probabilistic machine learning: an introduction},
    author={Murphy, Kevin P},
    year={2022},
    publisher={MIT press},
    note={\url{https://probml.github.io/pml-book/book1.html}}
}

@book{murphyAdvanced23,
	author={Kevin P. Murphy},
	title={Probabilistic Machine Learning: Advanced Topics},
	publisher={MIT Press},
	year={2023},
	url={http://probml.github.io/book2}
}

@article{fineEtAl98,
  title={The hierarchical hidden Markov model: Analysis and applications},
  author={Fine, Shai and Singer, Yoram and Tishby, Naftali},
  journal={Machine learning},
  volume={32},
  pages={41--62},
  year={1998},
  publisher={Springer}
}

@article{yamaguchiEtAl18,
  title={Identification of animal behavioral strategies by inverse reinforcement learning},
  author={Yamaguchi, Shoichiro and Naoki, Honda and Ikeda, Muneki and Tsukada, Yuki and Nakano, Shunji and Mori, Ikue and Ishii, Shin},
  journal={PLoS computational biology},
  volume={14},
  number={5},
  pages={e1006122},
  year={2018},
  publisher={Public Library of Science San Francisco, CA USA}
}

@article{schultheisEtAl21,
  title={Inverse optimal control adapted to the noise characteristics of the human sensorimotor system},
  author={Schultheis, Matthias and Straub, Dominik and Rothkopf, Constantin A},
  journal={Advances in Neural Information Processing Systems},
  volume={34},
  pages={9429--9442},
  year={2021}
}

@article{kwonEtAl20,
  title={Inverse rational control with partially observable continuous nonlinear dynamics},
  author={Kwon, Minhae and Daptardar, Saurabh and Schrater, Paul R and Pitkow, Xaq},
  journal={Advances in neural information processing systems},
  volume={33},
  pages={7898--7909},
  year={2020}
}

@article{reddy22,
  title={A reinforcement-based mechanism for discontinuous learning},
  author={Reddy, Gautam},
  journal={Proceedings of the National Academy of Sciences},
  volume={119},
  number={49},
  pages={e2215352119},
  year={2022},
  publisher={National Acad Sciences}
}

@article{ashwoodEtAl22,
  title={Dynamic inverse reinforcement learning for characterizing animal behavior},
  author={Ashwood, Zoe and Jha, Aditi and Pillow, Jonathan W},
  journal={Advances in neural information processing systems},
  volume={35},
  pages={29663--29676},
  year={2022}
}

@article{zhuEtAl23,
  title={L(M)V-IQL: Multiple Intention Inverse Reinforcement Learning for Animal Behavior Characterization},
  author={Zhu, Hao and De La Crompe, Brice and Kalweit, Gabriel and Schneider, Artur and Kalweit, Maria and Diester, Ilka and Boedecker, Joschka},
  journal={arXiv preprint arXiv:2311.13870},
  year={2023}
}
