@article{liuEtAl24,
  title={Open access EEG dataset of repeated measurements from a single subject for microstate analysis},
  author={Liu, Qi and Jia, Shuyong and Tu, Na and Zhao, Tianyi and Lyu, Qiuyue and Liu, Yuhan and Song, Xiaojing and Wang, Shuyou and Zhang, Weibo and Xiong, Feng and others},
  journal={Scientific Data},
  volume={11},
  number={1},
  pages={379},
  year={2024},
  publisher={Nature Publishing Group UK London}
}
